<?xml version="1.0" encoding="UTF-8"?><collection xmlns="http://www.loc.gov/MARC21/slim"><record><leader>00716nam--2200181-i-4500</leader><controlfield tag="001">000022833</controlfield><controlfield tag="002">20161230</controlfield><controlfield tag="005">20161230201034</controlfield><controlfield tag="008">060222s1000------------r-----000-0-ger-d</controlfield><datafield ind1=" " ind2=" " tag="040"><subfield code="a">IFIN-HH</subfield></datafield><datafield ind1=" " ind2=" " tag="041"><subfield code="a">ger</subfield></datafield><datafield ind1=" " ind2=" " tag="080"><subfield code="a">539.163.2</subfield></datafield><datafield ind1="1" ind2=" " tag="100"><subfield code="a">Hese, Achim</subfield></datafield><datafield ind1="1" ind2="0" tag="245"><subfield code="a">Experimentelle untersuchung der 5d6s6p z 2f- terme im lanthan 1- spektrum unter verwendung von lavelcrossing - technik und doppelresonanzspektroskopie kernquadrupolwechselwirkung fur konfigurationen vom typ spd und theoretische interpretation der beobachtETEN HYPERFEINSTRUKTURWECHSELWIRKUNG</subfield><subfield code="b">Dissertation</subfield><subfield code="c">Achim hese</subfield></datafield><datafield ind1=" " ind2=" " tag="260"><subfield code="a">Berlin</subfield><subfield code="b">Universitat</subfield><subfield code="c">1968</subfield></datafield><datafield ind1=" " ind2=" " tag="300"><subfield code="a">125 P</subfield></datafield><datafield ind1=" " ind2=" " tag="852"><subfield code="a">30810</subfield><subfield code="c">539.163.2</subfield></datafield><datafield ind1=" " ind2=" " tag="CAT"><subfield code="a">Sys</subfield><subfield code="c">20120523</subfield><subfield code="h">105212</subfield></datafield></record></collection>